@book{kiss2019finite,
  author    = {György Kiss and Tamás Sz\H{o}nyi},
  title     = {Finite Geometries},
  publisher = {Chapman and Hall/CRC},
  year      = {2019},
  edition   = {1},
  isbn      = {978-1-4987-2165-3},
  pages     = {346},
  address   = {Boca Raton},
  note      = {Includes applications to combinatorics, coding theory, and cryptography}
}

@book{LC-Hopf,
    author = {L.~Caniglia},
    title = {{Hopf Algebras}},
    publisher = {Manuscript},
    year = {2024},
    url = {https://www.overleaf.com/read/drtwrsjtnczh#74e299}
}

@misc{cuypers,
    author = {Cuypers,Hans},
    title = {The projective plane of order 4},
    howpublished = {\url{https://hansc.win.tue.nl/mathieu/node2.html}},
    note = {Accessed: May 24, 2025},
    year = 1996
}

@article{Ostrom1957Trans,
  author  = {Ostrom, T. G.},
  title   = {Transitivities in Projective Planes},
  journal = {Canadian Journal of Mathematics},
  volume  = {9},
  pages   = {389--399},
  year    = {1957}
}

@misc{BurroniFiniteGeometryRepo,
  author  = {Burroni, Javier},
  title   = {{FiniteGeometry}},
  year    = {2025},
  howpublished = {\url{https://github.com/jburroni/FiniteGeometry/tree/main/FiniteGeometry}},
  note    = {Accessed: 2025-06-20}
}

@book{Stinson2004,
  author    = {Stinson, Douglas R.},
  title     = {Combinatorial Designs: Constructions and Analysis},
  publisher = {Springer-Verlag New York, Inc.},
  year      = {2004},
  isbn      = {0-387-95487-2},
  address   = {New York},
  edition   = {1st},
  note      = {Printed on acid-free paper.},
  lccn      = {2003052964}
}

@article{Chowla_Ryser_1950,
  author  = {Chowla, S. and Ryser, H. J.},
  title   = {Combinatorial Problems},
  journal = {Canadian Journal of Mathematics},
  volume  = {2},
  pages   = {93--99},
  year    = {1950},
  doi     = {10.4153/CJM-1950-009-8}
}

@book{LC-Groups,
    author = {L.~Caniglia},
    title = {{Group Theory Notes}},
    publisher = {Manuscript},
    year = {2022},
    url = {https://www.overleaf.com/read/btpkwnkmyxhz#9fc044}
}

@book{Stevenson1992,
  author    = {Stevenson, Frederick W.},
  title     = {Projective Planes},
  publisher = {Polygonal Publishing House},
  year      = {1992},
  address   = {Washington, NJ},
  isbn      = {0-936428-13-9},
  note      = {Originally published: San Francisco : W.H. Freeman, 1972; Includes bibliographical references and indexes; Printed on acid-free paper.},
  lccn      = {92-7736}
}